<collection xmlns="http://www.loc.gov/MARC21/slim">
<record>
  <leader>02473nam0a2200469 i 450 </leader>
  <controlfield tag="001">IT\ICCU\CNCE\013420</controlfield>
  <controlfield tag="005">20040217000000.0</controlfield>
  <datafield tag="012" ind1=" " ind2=" ">
    <subfield code="a">2607 umm. ria- devl (3) 1600 (R)</subfield>
    <subfield code="2">fei</subfield>
    <subfield code="9">1</subfield>
  </datafield>
  <datafield tag="012" ind1=" " ind2=" ">
    <subfield code="a">8259 t.er ades quqp (3) 1600 (R)</subfield>
    <subfield code="2">fei</subfield>
    <subfield code="9">2</subfield>
  </datafield>
  <datafield tag="012" ind1=" " ind2=" ">
    <subfield code="a">9728 o-s, i-i- rein (3) 1600 (R)</subfield>
    <subfield code="2">fei</subfield>
    <subfield code="9">3</subfield>
  </datafield>
  <datafield tag="100" ind1=" " ind2=" ">
    <subfield code="a">19970101d1600        0itac0103    ba</subfield>
  </datafield>
  <datafield tag="101" ind1=" " ind2=" ">
    <subfield code="a">LAT</subfield>
  </datafield>
  <datafield tag="102" ind1=" " ind2=" ">
    <subfield code="a">IT</subfield>
  </datafield>
  <datafield tag="200" ind1="1" ind2=" ">
    <subfield code="a">Liber sextus decretalium d. Bonifacii papae VIII. Clementis papae V constitutiones, Extrauagantes tum viginti d. Ioannis papae XXII tum communes</subfield>
  </datafield>
  <datafield tag="210" ind1=" " ind2=" ">
    <subfield code="a">Venetiis</subfield>
    <subfield code="d">1600</subfield>
  </datafield>
  <datafield tag="215" ind1=" " ind2=" ">
    <subfield code="a">3 v.</subfield>
    <subfield code="c">ill.</subfield>
    <subfield code="d">4ʻ</subfield>
  </datafield>
  <datafield tag="500" ind1="1" ind2="1">
    <subfield code="3">IT\ICCU\CNCE\013403</subfield>
    <subfield code="a">Corpus iuris canonici. Liber sextus Bonifacii ^VIII=8.^</subfield>
  </datafield>
  <datafield tag="620" ind1=" " ind2=" ">
    <subfield code="a">IT</subfield>
    <subfield code="d">Venezia</subfield>
  </datafield>
  <datafield tag="702" ind1=" " ind2="0">
    <subfield code="a">Bonifacius</subfield>
    <subfield code="c"> &lt;papa</subfield>
    <subfield code="c"> ; 8.&gt;</subfield>
    <subfield code="3">IT\ICCU\CNCA\003121</subfield>
  </datafield>
  <datafield tag="702" ind1=" " ind2="0">
    <subfield code="a">Ioannes</subfield>
    <subfield code="c"> &lt;papa</subfield>
    <subfield code="c"> ; 22.&gt;</subfield>
    <subfield code="3">IT\ICCU\CNCA\003122</subfield>
  </datafield>
  <datafield tag="702" ind1=" " ind2="0">
    <subfield code="a">Clemens</subfield>
    <subfield code="c"> &lt;papa</subfield>
    <subfield code="c"> ; 5.&gt;</subfield>
    <subfield code="3">IT\ICCU\CNCA\003123</subfield>
  </datafield>
  <datafield tag="712" ind1="0" ind2="2">
    <subfield code="a">s.n.</subfield>
    <subfield code="3">IT\ICCU\CNCT\000002</subfield>
    <subfield code="4">650</subfield>
  </datafield>
  <datafield tag="790" ind1=" " ind2="1">
    <subfield code="a">Caetani,</subfield>
    <subfield code="b">Benedetto</subfield>
    <subfield code="3">IT\ICCU\CNCA\007738</subfield>
    <subfield code="z">Bonifacius &lt;papa ; 8.&gt;</subfield>
  </datafield>
  <datafield tag="790" ind1=" " ind2="1">
    <subfield code="a">Duz̈e,</subfield>
    <subfield code="b">Jacobus</subfield>
    <subfield code="3">IT\ICCU\CNCA\015359</subfield>
    <subfield code="z">Ioannes &lt;papa ; 22.&gt;</subfield>
  </datafield>
  <datafield tag="790" ind1=" " ind2="0">
    <subfield code="a">Bentrand de Got</subfield>
    <subfield code="3">IT\ICCU\CNCA\013738</subfield>
    <subfield code="z">Clemens &lt;papa ; 5.&gt;</subfield>
  </datafield>
  <datafield tag="790" ind1=" " ind2="1">
    <subfield code="a">Got,</subfield>
    <subfield code="b">Bertrand de</subfield>
    <subfield code="3">IT\ICCU\CNCA\014237</subfield>
    <subfield code="z">Clemens &lt;papa ; 5.&gt;</subfield>
  </datafield>
  <datafield tag="801" ind1=" " ind2="3">
    <subfield code="a">IT</subfield>
    <subfield code="b">ICCU</subfield>
    <subfield code="c">20201114</subfield>
  </datafield>
  <datafield tag="899" ind1=" " ind2=" ">
    <subfield code="a">Biblioteca della Rubiconia Accademia dei Filopatridi. Savignano sul Rubicone</subfield>
    <subfield code="1">FC0067</subfield>
    <subfield code="2">RAV AF</subfield>
  </datafield>
  <datafield tag="899" ind1=" " ind2=" ">
    <subfield code="a">Biblioteca provinciale dei Cappuccini. Firenze</subfield>
    <subfield code="1">FI0041</subfield>
    <subfield code="2">RT1 PC</subfield>
  </datafield>
  <datafield tag="899" ind1=" " ind2=" ">
    <subfield code="a">Biblioteca regionale universitaria. Messina</subfield>
    <subfield code="1">ME0050</subfield>
    <subfield code="2">PAL BM</subfield>
  </datafield>
  <datafield tag="899" ind1=" " ind2=" ">
    <subfield code="a">Biblioteca universitaria. Napoli</subfield>
    <subfield code="1">NA0070</subfield>
    <subfield code="2">NAP BU</subfield>
  </datafield>
  <datafield tag="899" ind1=" " ind2=" ">
    <subfield code="a">Biblioteca comunale Lancia di Brolo. Polizzi Generosa</subfield>
    <subfield code="1">PA0178</subfield>
    <subfield code="2">PAL 57</subfield>
  </datafield>
  <datafield tag="899" ind1=" " ind2=" ">
    <subfield code="a">Biblioteca Cathariniana. Pisa</subfield>
    <subfield code="1">PI0027</subfield>
    <subfield code="2">RT1 QW</subfield>
  </datafield>
  <datafield tag="899" ind1=" " ind2=" ">
    <subfield code="a">Biblioteca del Seminario diocesano di Concordia-Pordenone. Pordenone</subfield>
    <subfield code="1">PN0052</subfield>
    <subfield code="2">TSA SC</subfield>
  </datafield>
  <datafield tag="899" ind1=" " ind2=" ">
    <subfield code="a">Biblioteca francescana. Castellare di Pescia</subfield>
    <subfield code="1">PT0046</subfield>
    <subfield code="2">RT1 QT</subfield>
  </datafield>
  <datafield tag="899" ind1=" " ind2=" ">
    <subfield code="a">Biblioteca comunale Giuseppe Malagoli. Novellara</subfield>
    <subfield code="1">RE0042</subfield>
    <subfield code="2">RE2 42</subfield>
  </datafield>
  <datafield tag="899" ind1=" " ind2=" ">
    <subfield code="a">Biblioteca della Pontificia Universit ̉S. Tommaso d&apos;Aquino. Roma</subfield>
    <subfield code="1">RM0669</subfield>
    <subfield code="2">ZRM 43</subfield>
  </datafield>
  <datafield tag="899" ind1=" " ind2=" ">
    <subfield code="a">Biblioteca comunale degli Intronati. Siena</subfield>
    <subfield code="1">SI0046</subfield>
    <subfield code="2">RT1 QI</subfield>
  </datafield>
  <datafield tag="899" ind1=" " ind2=" ">
    <subfield code="a">Biblioteca universitaria. Sassari</subfield>
    <subfield code="1">SS0073</subfield>
    <subfield code="2">CAG US</subfield>
  </datafield>
  <datafield tag="899" ind1=" " ind2=" ">
    <subfield code="a">Biblioteca comunale. Ala</subfield>
    <subfield code="1">TN0001</subfield>
    <subfield code="2">ZTN 05</subfield>
  </datafield>
  <datafield tag="899" ind1=" " ind2=" ">
    <subfield code="a">Biblioteca della Fondazione museo carnico delle arti popolari M. Gortani. Tolmezzo</subfield>
    <subfield code="1">UD0158</subfield>
  </datafield>
  <datafield tag="899" ind1=" " ind2=" ">
    <subfield code="a">Biblioteca civica. Verona</subfield>
    <subfield code="z">MUTILO</subfield>
    <subfield code="1">VR0059</subfield>
    <subfield code="2">ZVR 02</subfield>
  </datafield>
</record>
</collection>
